@inproceedings{Roberts,
author = {Elzohery, Rabab and Abdo, Mohammad and Roberts, Jeremy},
year = {2018},
month = {04},
pages = {},
booktitle = {?},
title = {Comparison Between Gaussian Processes and DMD Surrogates for Isotopic Composition Prediction}
}
